@article{Gastaldi2017,
  author    = {Xavier Gastaldi},
  title     = {Shake-Shake regularization},
  journal   = {CoRR},
  volume    = {abs/1705.07485},
  year      = {2017},
  url       = {http://arxiv.org/abs/1705.07485},
  eprint    = {1705.07485},
}

@article{Coleman2017,
  author    = {Cody A. Coleman, Deepak Narayanan, Daniel Kang, Tian Zhao, Jian Zhang, Luigi Nardi, Peter Bailis, Kunle Olukotun, Chris R\'e, and Matei Zaharia},
  title     = {DAWNBench: An End-to-End Deep Learning Benchmark and Competition},
  journal   = {NIPS ML Systems Workshop, 2017},
  url       = {https://arxiv.org/abs/1806.01427}
}



@article{Cubuk2018,
  author    = {Ekin Dogus Cubuk and
               Barret Zoph and
               Dandelion Man{\'{e}} and
               Vijay Vasudevan and
               Quoc V. Le},
  title     = {AutoAugment: Learning Augmentation Policies from Data},
  journal   = {CoRR},
  volume    = {abs/1805.09501},
  year      = {2018},
  url       = {http://arxiv.org/abs/1805.09501},
  eprint    = {1805.09501},
}

@article{Recht2018,
  author    = {Recht, Benjamin and 
               Roelofs, Rebecca and 
               Schmidt, Ludwig and 
               Shankar, Vaishaal
               },
  title     = {Do CIFAR-10 Classifiers Generalize to CIFAR-10?},
  journal   = {arXiv},
  volume    = {abs/1806.00451},
  month     = {6},
  year      = {2018},
  url       = {http://arxiv.org/abs/1806.00451},
  eprint    = {1805.09501},
}

@article{Real2018,
  author    = {Real, Esteban and 
               Aggarwal, Alok and 
               Huang, Yanping and 
               Le, Quoc
               },
  title     = {Aging Evolution for Image Classifier Architecture Search},
  journal   = {arXiv},
  volume    = {abs/1802.01548v5},
  month     = {10},
  year      = {2018},
  url       = {https://arxiv.org/abs/1802.01548},
  archivePrefix = {arXiv},
  eprint    = {1802.01548},
}

arXiv: [cs.NE] 4 Oct 2018

@article{Devries2017,
  author    = {Terrance Devries and
               Graham W. Taylor},
  title     = {Improved Regularization of Convolutional Neural Networks with Cutout},
  journal   = {CoRR},
  volume    = {abs/1708.04552},
  year      = {2017},
  url       = {http://arxiv.org/abs/1708.04552},
  archivePrefix = {arXiv},
  eprint    = {1708.04552},
}

@article{Yamada2018,
  author    = {Yoshihiro Yamada and
               Masakazu Iwamura and
               Koichi Kise},
  title     = {ShakeDrop regularization},
  journal   = {CoRR},
  volume    = {abs/1802.02375},
  year      = {2018},
  url       = {http://arxiv.org/abs/1802.02375},
  archivePrefix = {arXiv},
  eprint    = {1802.02375},
}

@article{Zagoruyko2016,
  author    = {Sergey Zagoruyko and
               Nikos Komodakis},
  title     = {Wide Residual Networks},
  journal   = {CoRR},
  volume    = {abs/1605.07146},
  year      = {2016},
  url       = {https://arxiv.org/abs/1605.07146},
  archivePrefix = {arXiv},
  eprint    = {1605.07146},
}

@techreport{Krizhevsk2009,
  institution = {University of Toronto},
  author    = {Alex Krizhevsk},
  title     = {Learning Multiple Layers of Features from Tiny Images},
  year      = {2009},
  url       = {https://www.cs.toronto.edu/~kriz/learning-features-2009-TR.pdf},
}


@article{Torralba2008, 
  author = {Antonio Torralba and Rob Fergus and William T. Freeman}, 
  journal = {IEEE Transactions on Pattern Analysis and Machine Intelligence}, 
  title = {80 Million Tiny Images: A Large Data Set for Nonparametric Object and Scene Recognition}, 
  year = {2008}, 
  volume = {30}, 
  number = {11}, 
  pages = {1958-1970}
}

@article{Schulman2017,
  author    = {John Schulman and
	       Filip Wolski and
               Prafulla Dhariwal and
               Alec Radford and
               Oleg Klimov},
  title     = {Proximal Policy Optimization Algorithms},
  journal   = {arXiv},
  volume    = {abs/1707.06347v2},
  month     = {8},
  year      = {2017},
  url       = {https://arxiv.org/pdf/1707.06347v2.pdf},
  archivePrefix = {arXiv},
  eprint    = {1707.06347v2}
}
